@Misc{rfc3230,
  author = 	 {J. Mogul and A. Van Hoff},
  title = 	 {{I}nstance {D}igests in {HTTP}},
  howpublished = "\url{http://tools.ietf.org/html/rfc3230}",
  month = 	 {January},
  year = 	 {2002},
}

@Misc{rfc5661,
  author = 	 {S. Shepler and M. Eisler and D. Noveck},
  title = 	 {Network {F}ile {S}ystem ({NFS}) Version 4 Minor
                  Version 1 Protocol},
  howpublished = "\url{http://tools.ietf.org/html/rfc5661}",
  month = 	 {January},
  year = 	 {2002},
}



@Misc{dcache-website,
  title = 	 {The d{C}ache project website},
  howpublished = {\url{http://www.dcache.org/}},
  note = 	 {Accessed: 2013-10-30},
}

@Misc{owncloud-website,
  title = 	 {The own{C}loud project website},
  howpublished = {\url{https://owncloud.org/}},
  note = 	 {Accessed: 2015-05-12},
}


@Misc{globus-website,
  title = 	 {The Globus transfer service},
  howpublished = {\url{https://www.globus.org/}},
  note = 	 {Accessed: 2015-05-12},
}


@Misc{fts-website,
  title = 	 {The FTS v3},
  howpublished = {\url{http://fts3-service.web.cern.ch/}},
  note = 	 {Accessed: 2015-05-12},
}


@Misc{dfn-aai-website,
  title = 	 {{DFN}-{AAI} website},
  howpublished = {\url{https://www.aai.dfn.de/}},
  note = 	 {Accessed: 2014-1-20},
}


@InProceedings{fermi-dcache,
  author = 	 {G. Oleynik and B. Alcorn and W. Baisley and J. Bakken and
                  D. Berg and E. Berman and C.-H. Huang and T. Jones and
                  R.D. Kennedy and A. Kulyavtsev and others},
  title = 	 {Fermilab's multi-petabyte scalable mass storage system},
  OPTcrossref =  {},
  OPTkey = 	 {},
  booktitle = {22nd IEEE / 13th NASA Goddard Conference on Mass Storage Systems and Technologies},
  year = 	 {2005},
  OPTeditor = 	 {},
  OPTvolume = 	 {},
  OPTnumber = 	 {},
  OPTseries = 	 {},
  pages = 	 {73--80},
  OPTmonth = 	 {},
  OPTaddress = 	 {},
  OPTorganization = {},
  OPTpublisher = {},
  note = 	 {doi:10.1109/MSST.2005.16},
  OPTannote = 	 {}
}

@inproceedings{lustre,
  title={Lustre: Building a File System for 1,000-node Clusters},
  author={Schwan, Philip},
  booktitle={Linux Symposium},
  pages={380},
  year={2003}
}

@inproceedings{gpfs,
  title={GPFS: A Shared-Disk File System for Large Computing Clusters.},
  author={Schmuck, Frank B and Haskin, Roger L},
  booktitle={FAST},
  volume={2},
  pages={19},
  year={2002}
}

@inproceedings{ceph,
  title={Ceph: A scalable, high-performance distributed file system},
  author={Weil, Sage A and Brandt, Scott A and Miller, Ethan L and Long, Darrell DE and Maltzahn, Carlos},
  booktitle={Proceedings of the 7th symposium on Operating systems design and implementation},
  pages={307--320},
  year={2006},
  organization={USENIX Association}
}


@InProceedings{triumf-dcache,
  author = 	 {D. Deatrich and S. Liu and C. Payne and R. Tafirout and
                  R. Walker and A. Wong and M.  Vetterli},
  title = 	 {Managing Petabyte-Scale Storage for the ATLAS Tier-1 Centre at {TRIUMF}},
  OPTcrossref =  {},
  OPTkey = 	 {},
  booktitle = {22nd International Symposium on High Performance Computing Systems and Applications},
  year = 	 {2008},
  OPTeditor = 	 {},
  OPTvolume = 	 {},
  OPTnumber = 	 {},
  OPTseries = 	 {},
  pages = 	 {167--171},
  OPTmonth = 	 {},
  OPTaddress = 	 {},
  OPTorganization = {},
  OPTpublisher = {},
  note = 	 {doi:10.1109/HPCS.2008.27},
  OPTannote = 	 {}
}



@Article{desy-dcache,
  author = 	 {Andreas Haupt and Kai Leffhalm and Peter Wegner and Stephan Wiesand},
  title = 	 {Joining the petabyte club with direct attached storage},
  journal = 	 {Journal of Physics: Conference Series},
  year = 	 {2011},
  OPTkey = 	 {},
  OPTvolume = 	 {331},
  number = 	 {1},
  OPTpages = 	 {},
  OPTmonth = 	 {},
  note = 	 {doi:10.1088/1742-6596/331/1/012007},
  OPTannote = 	 {}
}

@incollection{dcache,
  title={d{C}ache, storage system for the future},
  author={Fuhrmann, Patrick and G{\"u}lzow, Volker},
  booktitle={Euro-Par 2006 Parallel Processing},
  pages={1106--1113},
  year={2006},
  publisher={Springer},
  note = {doi:10.1007/11823285\_116}
}

@inproceedings{ndgf-dcache,
  title={A distributed storage system with d{C}ache},
  author={Behrmann, Gerd and Fuhrmann, Patrick and Gr{\o}nager, Michael and Kleist, Josva},
  booktitle={Journal of Physics: Conference Series},
  volume={119},
  OPTnumber={6},
  pages={062014},
  year={2008},
  organization={IOP Publishing},
  note={doi:10.1088/1742-6596/119/6/062014}
}

@inproceedings{behrmann2011xrootd,
  title={Xrootd in d{C}ache-design and experiences},
  author={Behrmann, Gerd and Ozerov, Dmitry and Zangerl, Thomas},
  booktitle={Journal of Physics: Conference Series},
  volume={331},
  number={5},
  pages={052021},
  year={2011},
  organization={IOP Publishing}
}


@inproceedings{srm-experience,
  title={Storage Resource Manager Version 2.2: design, implementation, and testing experience},
  author={Donno, Flavia and Abadie, L and Badino, P and Baud, JP and Corso, E and Witt, SD and Fuhrmann, P and Gu, J and Koblitz, B and Lemaitre, S and others},
  booktitle={Journal of Physics: Conference Series},
  volume={119},
  OPTnumber={6},
  pages={062028},
  year={2008},
  organization={IOP Publishing}
}

@incollection{srm,
  title={Storage resource managers},
  author={Shoshani, Arie and Sim, Alexander and Gu, Junmin},
  booktitle={Grid resource management},
  pages={321--340},
  year={2004},
  publisher={Springer}
}


@inproceedings{egee,
  title={Storage and data management in {EGEE}},
  author={Stewart, Graeme A and Cameron, David and Cowan, Greig A and McCance, Gavin},
  booktitle={Proceedings of the fifth Australasian symposium on ACSW frontiers-Volume 68},
  pages={69--77},
  year={2007},
  organization={Australian Computer Society, Inc.}
}

@techreport{wlcg-egee,
  title={Data management in {WLCG} and {EGEE}},
  number={IT-Note-2008-002},
  author={Donno, Flavia and Litmaath, Maarten},
  institution={CERN},
  year={2008}
}



@Misc{rebus,
  title = 	 {{REBUS}: {C}5 Report},
  howpublished = {\url{http://wlcg-rebus.cern.ch/apps/gt/c5report}},
  note = 	 {Accessed: 2013-10-30},
}


@TechReport{swestore,
  title={Storage and Long Term Preservation Strategies in {PRACE} Tier-1 Datacentres},
  author={Stoffers, Huub and van de Sanden, Mark and Raber, Johan and Langborg, Tom and Tsouloupas, George and Rouchon, Olivier and Marceteau, Florent},
  institution =  {PRACE-RI},
  year = 	 {2012},
}

@inproceedings{gellrich2010multi,
  title={A multi {VO} grid infrastructure at {DESY}},
  author={Gellrich, Andreas},
  booktitle={Journal of Physics: Conference Series},
  volume={219},
  OPTnumber={6},
  pages={062048},
  year={2010},
  organization={IOP Publishing}
}

@inproceedings{nfs,
  title={LHC Data Analysis Using {NFS}v4. 1 ({pNFS}): A Detailed Evaluation},
  author={Elmsheuser, Johannes and Fuhrmann, Patrick and Kemp, Yves and Mkrtchyan, Tigran and Ozerov, Dmitry and Stadie, Hartmut},
  booktitle={Journal of Physics: Conference Series},
  volume={331},
  OPTnumber={5},
  pages={052010},
  year={2011},
  organization={IOP Publishing}
}

@inproceedings{webdav,
  title={Experiences with http/{WebDAV} protocols for data access in high throughput computing},
  author={Bernabeu, Gerard and Martinez, Francisco and Acci{\'o}n, Esther and Bria, Arnau and Caubet, Marc and Delfino, Manuel and Espinal, Xavier},
  booktitle={Journal of Physics: Conference Series},
  volume={331},
  OPTnumber={7},
  pages={072003},
  year={2011},
  organization={IOP Publishing}
}

@techreport{atlas-webdav,
  title={ATLAS {DQ2} to {R}ucio renaming infrastructure},
  author={Serfon, C and Vigne, V and Beermann, T and Goossens, L and Garonne, V and Nairz, A and Lassnig, M and Stewart, G and Barisits, M},
  year={2013},
  institution={ATL-COM-SOFT-2013-053}
}



@Misc{cdmi,
  title = 	 {Cloud Data Management Interface ({CDMI})},
  howpublished = {\url{http://www.snia.org/tech\_activities/standards/curr\_standards/cdmi}},
  note = 	 {Accessed: 2013-10-30},
}


@Misc{cdmi-ogf,
  author = 	 {Jens Jensen},
  title = 	 {Heads in the cloud? {GSM}-{WG} at {OGF}-31},
  howpublished = {\url{http://www.ogf.org/OGF30/materials/2199/gsm-wg.pptxâ€Ž}},
  OPTmonth = 	 {},
  OPTyear = 	 {},
  note = 	 {Accessed: 2013-10-30},
  OPTannote = 	 {}
}

@inproceedings{cdmi-experience,
  title={Experiment design for cloud storage application based on {CDMI}},
  author={Luo, Xiong and Li, Hao},
  booktitle={Open-Source Software for Scientific Computation (OSSC), 2011 International Workshop on},
  pages={148--152},
  year={2011},
  organization={IEEE}
}


@inproceedings{cdmi-perspective,
  title={A perspective on scientific cloud computing},
  author={Lee, Craig A},
  booktitle={Proceedings of the 19th ACM International Symposium on High Performance Distributed Computing},
  pages={451--459},
  year={2010},
  organization={ACM}
}


@inproceedings{atlas-tag-skim,
  title={TAG Based Skimming In ATLAS},
  author={Doherty, Thomas and Cranshaw, Jack and Hrivnac, Julius and Slater, M and Nowak, M and Quilty, D and Zhang, Qizhi},
  booktitle={Journal of Physics: Conference Series},
  volume={396},
  number={5},
  pages={052028},
  year={2012},
  organization={IOP Publishing}
}

@inproceedings{atlas-tag-integration,
  title={Integration of the ATLAS tag database with data management and analysis components},
  author={Cranshaw, J and Doyle, AT and Kenyon, MJ and Malon, D and McGlone, H and Nicholson, C},
  booktitle={Journal of Physics: Conference Series},
  volume={119},
  number={4},
  pages={042008},
  year={2008},
  organization={IOP Publishing}
}

@inproceedings{atlas-tag-optimisation,
  title={Job optimization in ATLAS TAG-based distributed analysis},
  author={Mambelli, M and Cranshaw, J and Gardner, R and Maeno, T and Malon, D and Novak, M},
  booktitle={Journal of Physics: Conference Series},
  volume={219},
  number={7},
  pages={072042},
  year={2010},
  organization={IOP Publishing}
}

@inproceedings{hoschek2000data,
  title={Data Management in an International Grid Project, 2000 Intl},
  author={Hoschek, W and Jaen-Martinez, J and Samar, A and Stockinger, H and Stockinger, K},
  booktitle={Workshop on Grid Computing (GRID 2000), Bangalore, India},
  year={2000}
}

@inproceedings{agarwal2010dcache,
  title={d{C}ache with tape storage for High Energy Physics applications},
  author={Agarwal, A and Enge, R and Fransham, K and Kolb, E and Leavett-Brown, C and Leske, D and Lewall, K and Reitsma, H and Rempel, E and Sobie, R},
  booktitle={Journal of Physics: Conference Series},
  volume={219},
  number={7},
  pages={072024},
  year={2010},
  organization={IOP Publishing}
}


@inproceedings{peters2008xcfs,
  title={XCFS-An Analysis Disk Pool \& Filesystem Based On FUSE And Xroot Protocol},
  author={Peters, A},
  booktitle={Proceedings of XII Advanced Computing and Analysis Techniques in Physics Research},
  volume={1},
  pages={41},
  year={2008}
}


@inproceedings{haupt2012desy,
  title={The DESY Grid Centre},
  author={Haupt, A and Gellrich, A and Kemp, Y and Leffhalm, K and Ozerov, D and Wegner, P},
  booktitle={Journal of Physics: Conference Series},
  volume={396},
  number={4},
  pages={042026},
  year={2012},
  organization={IOP Publishing}
}

@article{fanfani2010distributed,
  title={Distributed analysis in CMS},
  author={Fanfani, Alessandra and Afaq, Anzar and Sanches, Jose Afonso and Andreeva, Julia and Bagliesi, Giusepppe and Bauerdick, Lothar and Belforte, Stefano and Sampaio, Patricia Bittencourt and Bloom, Ken and Blumenfeld, Barry and others},
  journal={Journal of Grid Computing},
  volume={8},
  number={2},
  pages={159--179},
  year={2010},
  publisher={Springer}
}

@article{kerberos,
  title={Kerberos: An authentication service for computer networks},
  author={Neuman, B Clifford and Ts'o, Theodore},
  journal={Communications Magazine, IEEE},
  volume={32},
  number={9},
  pages={33--38},
  year={1994},
  publisher={IEEE}
}


@InProceedings{igtf,
  author={Simmel, Derek and Rea, Scott and Stolk, Alejandra},
  title={An Introduction to The Americas Grid Policy Management
                  Authority ({TAGPMA}) and the International Grid
                  Trust Federation ({IGTF})},
  OPTcrossref =  {},
  OPTkey = 	 {},
  booktitle = {Proceedings of 2012 Latin American Conference on High Performance Computing (CLCAR'12)},
  OPTpages = 	 {},
  year = 	 {2012},
  OPTeditor = 	 {},
  OPTvolume = 	 {},
  OPTnumber = 	 {},
  OPTseries = 	 {CLCAR'12},
  OPTaddress = 	 {},
  OPTmonth = 	 {},
  OPTorganization = {},
  OPTpublisher = {},
  OPTnote = 	 {},
  OPTannote = 	 {}
}



@inproceedings{fed-login-teragrid,
  title={Federated login to teragrid},
  author={Basney, Jim and Fleury, Terry and Welch, Von},
  booktitle={Proceedings of the 9th Symposium on Identity and Trust on the Internet},
  pages={1--11},
  year={2010},
  organization={ACM}
}

@inproceedings{eduroam,
  title={Eduroam, providing mobility for roaming users},
  author={Florio, Licia and Wierenga, Klaas},
  booktitle={Proceedings of the EUNIS 2005 Conference, Manchester},
  year={2005}
}

@article{lsdma,
  title={Data Life Cycle Labs, A New Concept to Support Data-Intensive Science},
  author={van Wezel, Jos and Streit, Achim and Jung, Christopher and Stotzka, Rainer and Halstenberg, Silke and Rigoll, Fabian and Garcia, Ariel and Heiss, Andreas and Schwarz, Kilian and Gasthuber, Martin and others},
  journal={arXiv preprint arXiv:1212.5596},
  year={2012}
}

@inproceedings{groeper2007architecture,
  title={An architecture for authorization in grids using shibboleth and voms},
  author={Groeper, Ralf and Grimm, Christian and Piger, Stefan and Wiebelitz, Jan},
  booktitle={Software Engineering and Advanced Applications, 2007. 33rd EUROMICRO Conference on},
  pages={367--374},
  year={2007},
  organization={IEEE}
}

@inproceedings{flannery2009icat,
  title={ICAT: Integrating data infrastructure for facilities based science},
  author={Flannery, Damian and Matthews, Brian and Griffin, Tom and Bicarregui, Juan and Gleaves, Michael and Lerusse, Laurent and Downing, Roger and Ashton, Alun and Sufi, Shoaib and Drinkwater, Glen and others},
  booktitle={e-Science, 2009. e-Science'09. Fifth IEEE International Conference on},
  pages={201--207},
  year={2009},
  organization={IEEE}
}

